@article{abdi2010principal,
  author = {Abdi, Herv√© and Williams, Lynne J.},
  title = {Principal component analysis},
  journal = {Wiley Interdisciplinary Reviews: Computational Statistics},
  volume = {2},
  number = {4},
  pages = {433--459},
  year = {2010},
  doi = {10.1002/wics.101}
}

@misc{adler2024rainbow,
  author = {Adler, David},
  title = {The rainbow of arm angles in the playoffs},
  year = {2024},
  url = {https://www.mlb.com/news/the-range-of-pitcher-arm-angles-in-the-2024-mlb-postseason},
  note = {Accessed: 2025-04-30}
}

@misc{albert2024bat,
  author = {Albert, Jim},
  title = {Bat Speed and Swing Length},
  year = {2024},
  url = {https://baseballwithr.wordpress.com/2024/05/17/bat-speed-and-swing-length/},
  note = {Accessed: 2025-04-30}
}

@misc{baseballreference2024,
  author = {{Baseball Reference}},
  title = {2024 MLB Standard Batting},
  year = {2024},
  url = {https://www.baseball-reference.com/leagues/majors/bat.shtml},
  note = {Accessed: 2025-04-30}
}

@misc{marshall2017reverse,
  author = {Marshall, Dan},
  title = {Reverse engineering swing mechanics from Statcast data},
  year = {2017},
  url = {https://community.fangraphs.com/reverse-engineering-swing-mechanics-from-statcast-data/},
  note = {Accessed: 2025-04-30}
}

@misc{petriello2024statcast,
  author = {Petriello, Mike},
  title = {Everything to know about Statcast's new bat-tracking data},
  year = {2024},
  url = {https://www.mlb.com/news/what-you-need-to-know-about-statcast-bat-tracking},
  note = {Accessed: 2025-04-30}
}

@book{winston2022mathletics,
  author = {Winston, Wayne L. and Nestler, Scott T. and Pelechrinis, Konstantinos},
  title = {Mathletics: How Gamblers, Managers, and Fans Use Mathematics in Sports},
  edition = {2nd},
  publisher = {Princeton University Press},
  year = {2022}
}